%% This BibTeX bibliography file was created using BibDesk.
%% http://bibdesk.sourceforge.net/


%% Created for Flavius Gruian at 2013-02-14 14:42:05 +0100 


%% Saved with string encoding Unicode (UTF-8) 


@mastersthesis{mastersthesis,
  author       = {Filip Karabeleski and Nick Persson}, 
  title        = {Emotion Recognition in Written Conversations Using CASTLE},
  school       = {Lund University},
  year         = 2021,
  month        = 2,
}



%Books

@book{ntlk2009,
    author = {Steven Bird and Ewan Klein and Edward Loper},
    title = {Natural Language Processing with Python},
    year = 2009,
    publisher = {O'Reilly Media}
}

@book{franoischollet2017learning,
author = {Chollet, Francois},
title = {Deep Learning with Python},
year = {2017},
isbn = {1617294438},
publisher = {Manning Publications Co.},
address = {Shelter Island, New York},
}


@book{neuralnetworkmethods,
author = {Goldberg, Yoav},
title = {Neural network methods for natural language processing},
year = {2017},
isbn = {9781627052955},
publisher = {Morgan \& Claypool Publishers},
address = {San Rafael, California}
}




@book{brownlee2020imbalanced,
  title={Imbalanced Classification with Python: Better Metrics, Balance Skewed Classes, Cost-Sensitive Learning},
  author={Brownlee, J.},
  url={https://books.google.pt/books?id=jaXJDwAAQBAJ},
  year={2020},
  publisher={Machine Learning Mastery}
}


@book{100pageBurkov,
  author = {Burkov, Andriy},
  title = {The Hundred-Page Machine Learning Book},
  year = 2019,
  publisher = {Burkov, Andriy},
  isbn = {9781999579500}
}

@book{imbalancedlearning,
author = {He, Haibo and Ma, Yunqian},
title = {Imbalanced Learning: Foundations, Algorithms, and Applications},
year = {2013},
isbn = {1118074629},
publisher = {Wiley-IEEE Press},
edition = {1st},
}

@book{TensorflowDeep,
author = {Ramsundar, Bharath and Zadeh, Reza Bosagh},
title = {TensorFlow for Deep Learning: From Linear Regression to Reinforcement Learning},
year = {2018},
isbn = {1491980451},
publisher = {O'Reilly Media, Inc.},
address = {Sebastopol, California},
edition = {1st},
}

@book{boltzmann1868studien,
  title={Studien {\"u}ber das Gleichgewicht der lebendigen Kraft zwischen bewegten materiellen Punkten},
  author={Boltzmann, L.},
  url={https://books.google.se/books?id=vxWqmgEACAAJ},
  year={1868},
  publisher={k. und k. Hof- und Staatsdr.}
}



@inbook{lyons1968introduction,
  title={Introduction to Theoretical Linguistics},
  author={Lyons, J.},
  isbn={9780521095105},
  lccn={68031743},
  series={Introduction to Theoretical Linguistics},
  url={https://books.google.se/books?id=VGkkjkLPZkoC},
  year={1968},
  publisher={Cambridge University Press},
  pages={43}
}

@inbook{NLP_challenges,
author = {Manning, Christopher D. and Sch\"{u}tze, Hinrich},
title = {Foundations of Statistical Natural Language Processing},
year = {1999},
isbn = {0262133601},
publisher = {MIT Press},
address = {Cambridge, MA, USA},
pages = {18--19}
}

@inbook{alpaydin2014introduction,
  title={Introduction to Machine Learning, third edition},
  author={Alpaydin, E.},
  isbn={9780262325752},
  series={Adaptive Computation and Machine Learning series},
  url={https://books.google.se/books?id=7f5bBAAAQBAJ},
  year={2014},
  publisher={MIT Press},
  pages = {5--11}
}

@inbook{bhardwaj2018deep,
  title={Deep Learning Essentials: Your hands-on guide to the fundamentals of deep learning and neural network modeling},
  author={Bhardwaj, A. and Di, W. and Wei, J.},
  isbn={9781785887772},
  url={https://books.google.se/books?id=ISBKDwAAQBAJ},
  year={2018},
  publisher={Packt Publishing},
  pages = {119--125}
}

@inbook{introToEmoRec,
author = {Konar, Amit and Halder Roy, Anisha and Chakraborty, Aruna},
year = {2015},
month = {01},
pages = {1-45},
title = {Introduction to Emotion Recognition},
publisher={John Wiley \& Sons, Inc.},
address = {Hoboken, New Jersey},
isbn = {9781118130667},
doi = {10.1002/9781118910566.ch1},
}

@incollection{KOHAVI1995304,
title = {Automatic Parameter Selection by Minimizing Estimated Error},
editor = {Armand Prieditis and Stuart Russell},
booktitle = {Machine Learning Proceedings 1995},
publisher = {Morgan Kaufmann},
address = {San Francisco (CA)},
pages = {304-312},
year = {1995},
isbn = {978-1-55860-377-6},
doi = {https://doi.org/10.1016/B978-1-55860-377-6.50045-1},
url = {https://www.sciencedirect.com/science/article/pii/B9781558603776500451},
author = {Ron Kohavi and George H. John},
pages="304--312"
}

@misc{weerts2020importance,
      title={Importance of Tuning Hyperparameters of Machine Learning Algorithms}, 
      author={Hilde J. P. Weerts and Andreas C. Mueller and Joaquin Vanschoren},
      year={2020},
      eprint={2007.07588},
      archivePrefix={arXiv},
      primaryClass={cs.LG}
}

@Inbook{Feurer2019,
author="Feurer, Matthias
and Hutter, Frank",
editor="Hutter, Frank
and Kotthoff, Lars
and Vanschoren, Joaquin",
title="Hyperparameter Optimization",
bookTitle="Automated Machine Learning: Methods, Systems, Challenges",
year="2019",
publisher="Springer International Publishing",
address="Cham",
pages="3--33",
isbn="978-3-030-05318-5",
doi="10.1007/978-3-030-05318-5_1",
url="https://doi.org/10.1007/978-3-030-05318-5_1"
}






%Papers

@inproceedings{beaver2020towards,
  title={Towards Awareness of Human Relational Strategies in Virtual Agents},
  author={Beaver, Ian and Freeman, Cynthia and Mueen, Abdullah},
  booktitle={Thirty-Fourth AAAI Conference on Artificial Intelligence},
  year={2020}
}

@inproceedings{zhang2019modeling,
  title={Modeling both Context-and Speaker-Sensitive Dependence for Emotion Detection in Multi-speaker Conversations.},
  author={Zhang, Dong and Wu, Liangqing and Sun, Changlong and Li, Shoushan and Zhu, Qiaoming and Zhou, Guodong},
  booktitle={IJCAI},
  pages={5415--5421},
  year={2019}
}


@inproceedings{ghosal2020cosmic,
    title = "{COSMIC}: {CO}mmon{S}ense knowledge for e{M}otion Identification in Conversations",
    author = "Ghosal, Deepanway  and
      Majumder, Navonil  and
      Gelbukh, Alexander  and
      Mihalcea, Rada  and
      Poria, Soujanya",
    booktitle = "Findings of the Association for Computational Linguistics: EMNLP 2020",
    month = nov,
    year = "2020",
    address = "Online",
    publisher = "Association for Computational Linguistics",
    url = "https://www.aclweb.org/anthology/2020.findings-emnlp.224",
    doi = "10.18653/v1/2020.findings-emnlp.224",
    pages = "2470--2481",
}


@inproceedings{cho2014learning,
    title = "Learning Phrase Representations using {RNN} Encoder{--}Decoder for Statistical Machine Translation",
    author = {Cho, Kyunghyun  and
      van Merri{\"e}nboer, Bart  and
      Gulcehre, Caglar  and
      Bahdanau, Dzmitry  and
      Bougares, Fethi  and
      Schwenk, Holger  and
      Bengio, Yoshua},
    booktitle = "Proceedings of the 2014 Conference on Empirical Methods in Natural Language Processing ({EMNLP})",
    month = oct,
    year = "2014",
    address = "Doha, Qatar",
    publisher = "Association for Computational Linguistics",
    url = "https://www.aclweb.org/anthology/D14-1179",
    doi = "10.3115/v1/D14-1179",
    pages = "1724--1734",
}


@inproceedings{Gruber2020AreGC,
  title={Are GRU Cells More Specific and LSTM Cells More Sensitive in Motive Classification of Text?},
  author={N. Gruber and Alfred Jockisch},
  booktitle={Frontiers in Artificial Intelligence},
  year={2020}
}

@inproceedings{information_extraction,
    title = "Automatic Extraction of Facts from Press Releases to Generate News Stories",
    author = "Andersen, Peggy M.  and
      Hayes, Philip J.  and
      Weinstein, Steven P.  and
      Huettner, Alison K.  and
      Schmandt, Linda M.  and
      Nirenburg, Irene B.",
    booktitle = "Third Conference on Applied Natural Language Processing",
    month = mar,
    year = "1992",
    address = "Trento, Italy",
    publisher = "Association for Computational Linguistics",
    url = "https://www.aclweb.org/anthology/A92-1024",
    doi = "10.3115/974499.974531",
    pages = "170--177",
}

@inproceedings{whitaker-etal-2019-characterizing,
    title = "Characterizing the Impact of Geometric Properties of Word Embeddings on Task Performance",
    author = "Whitaker, Brendan  and
      Newman-Griffis, Denis  and
      Haldar, Aparajita  and
      Ferhatosmanoglu, Hakan  and
      Fosler-Lussier, Eric",
    booktitle = "Proceedings of the 3rd Workshop on Evaluating Vector Space Representations for {NLP}",
    month = jun,
    year = "2019",
    address = "Minneapolis, USA",
    publisher = "Association for Computational Linguistics",
    url = "https://www.aclweb.org/anthology/W19-2002",
    doi = "10.18653/v1/W19-2002",
    pages = "8--17",
}
@inproceedings{BERT,
  title={BERT: Pre-training of Deep Bidirectional Transformers for Language Understanding},
  author={J. Devlin and Ming-Wei Chang and Kenton Lee and Kristina Toutanova},
  booktitle={NAACL-HLT},
  year={2019}
}


%Articles

@article{mcculloch1943,
	title = {A logical calculus of the ideas immanent in nervous activity},
	author = {Warren S. McCulloch and Walter Pitts},
	year = {1943},
	journal = {The bulletin of mathematical biophysics}
}

@article{hochreiter1998,
author = {Hochreiter, Sepp},
year = {1998},
month = {04},
pages = {107-116},
title = {The Vanishing Gradient Problem During Learning Recurrent Neural Nets and Problem Solutions},
volume = {6},
journal = {International Journal of Uncertainty, Fuzziness and Knowledge-Based Systems},
doi = {10.1142/S0218488598000094}
}

@article{hochreiter1997,
author = {Hochreiter, Sepp and Schmidhuber, JÃ¼rgen},
year = {1997},
month = {12},
pages = {1735-80},
title = {Long Short-term Memory},
volume = {9},
journal = {Neural computation},
doi = {10.1162/neco.1997.9.8.1735}
}

@article{FAWCETT2006861,
title = "An introduction to ROC analysis",
journal = "Pattern Recognition Letters",
volume = "27",
number = "8",
pages = "861 - 874",
year = "2006",
note = "ROC Analysis in Pattern Recognition",
issn = "0167-8655",
doi = "https://doi.org/10.1016/j.patrec.2005.10.010",
url = "http://www.sciencedirect.com/science/article/pii/S016786550500303X",
author = "Tom Fawcett",
keywords = "ROC analysis, Classifier evaluation, Evaluation metrics",
abstract = "Receiver operating characteristics (ROC) graphs are useful for organizing classifiers and visualizing their performance. ROC graphs are commonly used in medical decision making, and in recent years have been used increasingly in machine learning and data mining research. Although ROC graphs are apparently simple, there are some common misconceptions and pitfalls when using them in practice. The purpose of this article is to serve as an introduction to ROC graphs and as a guide for using them in research."
}

@article{Turing1950,
    author = {Turing, A. M.},
    title = "{âComputing Machinery and Intelligence}",
    journal = {Mind},
    volume = {LIX},
    number = {236},
    pages = {433-460},
    year = {1950},
    month = {10},
    issn = {0026-4423},
    doi = {10.1093/mind/LIX.236.433},
    url = {https://doi.org/10.1093/mind/LIX.236.433},
    eprint = {https://academic.oup.com/mind/article-pdf/LIX/236/433/30123314/lix-236-433.pdf},
}


@article{edseee.922172720200601,
Author = {Yang, Shudong and Yu, Xueying and Zhou, Ying},
ISSN = {978-1-7281-8149-3},
Journal = {2020 International Workshop on Electronic Communication and Artificial Intelligence (IWECAI), Electronic Communication and Artificial Intelligence (IWECAI), 2020 International Workshop on, IWECAI},
Keywords = {Computing and Processing, deep learning, long short-term memory (LSTM), gate recurrent unit (GRU), performance evaluation, natural language processing (NLP)},
Pages = {98 - 101},
Title = {LSTM and GRU Neural Network Performance Comparison Study: Taking Yelp Review Dataset as an Example.},
URL = {http://ludwig.lub.lu.se/login?url=https://search.ebscohost.com/login.aspx?direct=true&db=edseee&AN=edseee.9221727&site=eds-live&scope=site},
Year = {2020},
}

@article{Shen2020DialogXLAX,
  title={DialogXL: All-in-One XLNet for Multi-Party Conversation Emotion Recognition},
  author={Weizhou Shen and J. Chen and Xiaojun Quan and Zhixian Xie},
  journal={ArXiv},
  year={2020},
  volume={abs/2012.08695}
}

@article{hyper_opt,
title = {Hyperparameter Optimization for Machine Learning Models Based on Bayesian Optimizationb},
journal = {Journal of Electronic Science and Technology},
volume = {17},
number = {1},
pages = {26-40},
year = {2019},
issn = {1674-862X},
doi = {https://doi.org/10.11989/JEST.1674-862X.80904120},
url = {https://www.sciencedirect.com/science/article/pii/S1674862X19300047},
author = {Jia Wu and Xiu-Yun Chen and Hao Zhang and Li-Dong Xiong and Hang Lei and Si-Hao Deng},
}

@article{bergstra2012random,
  title={Random search for hyper-parameter optimization.},
  author={Bergstra, James and Bengio, Yoshua},
  journal={Journal of machine learning research},
  volume={13},
  number={2},
  year={2012}
}

@article{Zhang_deep,
author = {Zhang, Lei and Wang, Shuai and Liu, Bing},
title = {Deep learning for sentiment analysis: A survey},
journal = {WIREs Data Mining and Knowledge Discovery     },
volume = {8},
number = {4},
year = {2018}
}


@article{dawson1998ann,
author = { Christian W.   Dawson  and  Robert   Wilby },
title = {An artificial neural network approach to rainfall-runoff modelling},
journal = {Hydrological Sciences Journal},
volume = {43},
number = {1},
pages = {47-66},
year  = {1998},
publisher = {Taylor \& Francis},
doi = {10.1080/02626669809492102},
URL = { 
        https://doi.org/10.1080/02626669809492102
    
},
eprint = { 
        https://doi.org/10.1080/02626669809492102
    
}
}

@article{deep_survey,  
    author={S. {Li} and W. {Deng}},  
    journal={IEEE Transactions on Affective Computing},   
    title={Deep Facial Expression Recognition: A Survey},   
    year={2020},  
    volume={},  
    number={},  
    pages={1-1},  
    doi={10.1109/TAFFC.2020.2981446}
    }
    
@article{Bosselut2019COMETCT,
  title={COMET: Commonsense Transformers for Automatic Knowledge Graph Construction},
  author={Antoine Bosselut and Hannah Rashkin and Maarten Sap and Chaitanya Malaviya and A. Ãelikyilmaz and Yejin Choi},
  journal={ArXiv},
  year={2019},
  volume={abs/1906.05317}
}
@article{RoBERTa,
  title={RoBERTa: A Robustly Optimized BERT Pretraining Approach},
  author={Y. Liu and Myle Ott and Naman Goyal and Jingfei Du and Mandar Joshi and Danqi Chen and Omer Levy and M. Lewis and Luke Zettlemoyer and Veselin Stoyanov},
  journal={ArXiv},
  year={2019},
  volume={abs/1907.11692}
}
@article{machine_translation,
author = {Middi, Venkata Sai Rishita and Raju, Middi and Harris, Tanvir Ahmed},
year = {2019},
month = {01},
pages = {02004},
title = {Machine translation using natural language processing},
volume = {277},
journal = {MATEC Web of Conferences},
doi = {10.1051/matecconf/201927702004}
}

@ARTICLE{text_classification,
       author = {{Minaee}, Shervin and {Kalchbrenner}, Nal and {Cambria}, Erik and {Nikzad}, Narjes and {Chenaghlu}, Meysam and {Gao}, Jianfeng},
        title = "{Deep Learning Based Text Classification: A Comprehensive Review}",
      journal = {arXiv e-prints},
     keywords = {Computer Science - Computation and Language, Computer Science - Machine Learning, Statistics - Machine Learning},
         year = 2020,
        month = apr,
          eid = {arXiv:2004.03705},
        pages = {arXiv:2004.03705},
archivePrefix = {arXiv},
       eprint = {2004.03705},
 primaryClass = {cs.CL},
       adsurl = {https://ui.adsabs.harvard.edu/abs/2020arXiv200403705M},
      adsnote = {Provided by the SAO/NASA Astrophysics Data System}
}

@article{Hinton2007428,
title = {Learning multiple layers of representation},
journal = {Trends in Cognitive Sciences},
volume = {11},
number = {10},
pages = {428-434},
year = {2007},
issn = {1364-6613},
doi = {https://doi.org/10.1016/j.tics.2007.09.004},
url = {https://www.sciencedirect.com/science/article/pii/S1364661307002173},
author = {Geoffrey E. Hinton},
}

@article{Sherstinsky_2020,
   title={Fundamentals of Recurrent Neural Network (RNN) and Long Short-Term Memory (LSTM) network},
   volume={404},
   ISSN={0167-2789},
   url={http://dx.doi.org/10.1016/j.physd.2019.132306},
   DOI={10.1016/j.physd.2019.132306},
   journal={Physica D: Nonlinear Phenomena},
   publisher={Elsevier BV},
   author={Sherstinsky, Alex},
   year={2020},
   month={Mar},
   pages={132306}
}

@article{Rumelhart1986LearningRB,
  title={Learning representations by back-propagating errors},
  author={D. Rumelhart and Geoffrey E. Hinton and R. J. Williams},
  journal={Nature},
  year={1986},
  volume={323},
  pages={533-536}
}

@article{liaw2018tune,
    title={Tune: A Research Platform for Distributed Model Selection and Training},
    author={Liaw, Richard and Liang, Eric and Nishihara, Robert and
            Moritz, Philipp and Gonzalez, Joseph E and Stoica, Ion},
    journal={arXiv preprint arXiv:1807.05118},
    year={2018}
}




@article{languageEmotion,
author = {Lindquist, Kristen and MacCormack, Jennifer and Shablack, Holly},
year = {2015},
month = {04},
pages = {},
title = {The role of language in emotion: Predictions from psychological constructionism},
volume = {6},
journal = {Frontiers in Psychology},
doi = {10.3389/fpsyg.2015.00444}
}

@article{sentimentDefinition,
author = {Kharde, Vishal and Sonawane, Sheetal},
year = {2016},
month = {04},
pages = {5-15},
title = {Sentiment Analysis of Twitter Data: A Survey of Techniques},
volume = {139},
journal = {International Journal of Computer Applications},
doi = {10.5120/ijca2016908625}
}

@article{multimodalEmotionRecognition,
author = {Wang, Yutai and Yang, Xinghai and Zou, Jing},
year = {2013},
month = {01},
pages = {},
title = {Research of Emotion Recognition Based on Speech and Facial Expression},
volume = {11},
journal = {TELKOMNIKA Indonesian Journal of Electrical Engineering},
doi = {10.11591/telkomnika.v11i1.1873}
}

@article{KANDEL2020312,
title = {The effect of batch size on the generalizability of the convolutional neural networks on a histopathology dataset},
journal = {ICT Express},
volume = {6},
number = {4},
pages = {312-315},
year = {2020},
issn = {2405-9595},
doi = {https://doi.org/10.1016/j.icte.2020.04.010},
url = {https://www.sciencedirect.com/science/article/pii/S2405959519303455},
author = {Ibrahem Kandel and Mauro Castelli}
}

@article{learning_rate,
  title={Demystifying Learning Rate Policies for High Accuracy Training of Deep Neural Networks},
  author={Yanzhao Wu and Ling Liu and Juhyun Bae and Ka-Ho Chow and A. Iyengar and C. Pu and Wenqi Wei and L. Yu and Qi Zhang},
  journal={2019 IEEE International Conference on Big Data (Big Data)},
  year={2019},
  pages={1971-1980}
}

@article{dropout,
  author  = {Nitish Srivastava and Geoffrey Hinton and Alex Krizhevsky and Ilya Sutskever and Ruslan Salakhutdinov},
  title   = {Dropout: A Simple Way to Prevent Neural Networks from Overfitting},
  journal = {Journal of Machine Learning Research},
  year    = {2014},
  volume  = {15},
  number  = {56},
  pages   = {1929-1958},
}




%OsÃ¤ker ifall kÃ¤llan pÃ¥ rÃ¤tt sÃ¤tt
@incollection{liddy2001NLP,
  author = {Liddy, Elizabeth D.},
  biburl = {https://surface.syr.edu/istpub/63/},
  booktitle = {Encyclopedia of Library and Information Science},
  edition = {2nd},
  publisher = {Marcel Decker},
  address = {New York},
  keywords = {nlp},
  title = {Natural language processing},
  year = 2001
}


%Tech reports

@techreport{deng2014deep,
author = {Deng, Li and Yu, Dong},
title = {Deep Learning: Methods and Applications},
institution = {Microsoft},
year = {2014},
month = {May},
url = {https://www.microsoft.com/en-us/research/publication/deep-learning-methods-and-applications/},
number = {MSR-TR-2014-21},
}

@techreport{bouthillier:hal-02447823,
  TITLE = {{Survey of machine-learning experimental methods at NeurIPS2019 and ICLR2020}},
  AUTHOR = {Bouthillier, Xavier and Varoquaux, Ga{\"e}l},
  URL = {https://hal.archives-ouvertes.fr/hal-02447823},
  TYPE = {Research Report},
  INSTITUTION = {{Inria Saclay Ile de France}},
  YEAR = {2020},
  MONTH = Jan,
  PDF = {https://hal.archives-ouvertes.fr/hal-02447823/file/ml_methods_survey.pdf},
  HAL_ID = {hal-02447823},
  HAL_VERSION = {v1},
}

%Misc
@misc{lipton2015critical,
      title={A Critical Review of Recurrent Neural Networks for Sequence Learning}, 
      author={Zachary C. Lipton and John Berkowitz and Charles Elkan},
      year={2015},
      eprint={1506.00019},
      archivePrefix={arXiv},
      primaryClass={cs.LG}
}

@misc{he2015deep,
      title={Deep Residual Learning for Image Recognition}, 
      author={Kaiming He and Xiangyu Zhang and Shaoqing Ren and Jian Sun},
      year={2015},
      eprint={1512.03385},
      archivePrefix={arXiv},
      primaryClass={cs.CV}
}


@misc{otter2019survey,
      title={A Survey of the Usages of Deep Learning in Natural Language Processing}, 
      author={Daniel W. Otter and Julian R. Medina and Jugal K. Kalita},
      year={2019},
      eprint={1807.10854},
      archivePrefix={arXiv},
      primaryClass={cs.CL}
}

@misc{young2018recent,
      title={Recent Trends in Deep Learning Based Natural Language Processing}, 
      author={Tom Young and Devamanyu Hazarika and Soujanya Poria and Erik Cambria},
      year={2018},
      eprint={1708.02709},
      archivePrefix={arXiv},
      primaryClass={cs.CL}
}

@misc{staudemeyer2019understanding,
      title={Understanding LSTM -- a tutorial into Long Short-Term Memory Recurrent Neural Networks}, 
      author={Ralf C. Staudemeyer and Eric Rothstein Morris},
      year={2019},
      eprint={1909.09586},
      archivePrefix={arXiv},
      primaryClass={cs.NE}
}

@misc{ioffe2015batch,
      title={Batch Normalization: Accelerating Deep Network Training by Reducing Internal Covariate Shift}, 
      author={Sergey Ioffe and Christian Szegedy},
      year={2015},
      eprint={1502.03167},
      archivePrefix={arXiv},
      primaryClass={cs.LG}
}


@misc{hess2020softmaxbased,
      title={Softmax-based Classification is k-means Clustering: Formal Proof, Consequences for Adversarial Attacks, and Improvement through Centroid Based Tailoring}, 
      author={Sibylle Hess and Wouter Duivesteijn and Decebal Mocanu},
      year={2020},
      eprint={2001.01987},
      archivePrefix={arXiv},
      primaryClass={cs.LG}
}


%Web pages

@misc{largebatch,
      title={On Large-Batch Training for Deep Learning: Generalization Gap and Sharp Minima}, 
      author={Nitish Shirish Keskar and Dheevatsa Mudigere and Jorge Nocedal and Mikhail Smelyanskiy and Ping Tak Peter Tang},
      year={2017},
      eprint={1609.04836},
      archivePrefix={arXiv},
      primaryClass={cs.LG}
}

@misc{hyperparameters, 
      title={What are Hyperparameters ? and How to tune the Hyperparameters in a Deep Neural Network?}, 
      journal={Medium}, 
      publisher={Towards Data Science}, 
      author={Radhakrishnan, Pranoy}, 
      year={2017},
      month={Aug},
      note={\url{https://towardsdatascience.com/what-are-hyperparameters-and-how-to-tune-the-hyperparameters-in-a-deep-neural-network-d0604917584a}, accessed 2021-01-14},
    }
    
@misc{bajwa_2020, 
      title={Traditional AI vs. Modern AI.}, 
      journal={Medium}, 
      publisher={Towards Data Science}, 
      author={Bajwa, Awais}, 
      year={2020},
      month={Nov},
      note={\url{https://towardsdatascience.com/traditional-ai-vs-modern-ai-5117b469a0c9}, accessed 2021-01-13},
    }
    
@misc{ wiki:neuron_image,
   author = "WikimediaCommons",
   title = "File:ArtificialNeuronModel english.png --- Wikimedia Commons{,} the free media repository",
   year = "2020",
   url = "\url{https://commons.wikimedia.org/w/index.php?title=File:ArtificialNeuronModel_english.png&oldid=485685696}",
   note = "[Online; accessed 15-January-2021]"
 }
 
 @misc{singh2020emotion,
      title={Emotion Recognition in Audio and Video Using Deep Neural Networks}, 
      author={Mandeep Singh and Yuan Fang},
      year={2020},
      eprint={2006.08129},
      archivePrefix={arXiv},
      primaryClass={eess.AS}
}

@misc{Ba2016LayerN,
      title={Layer Normalization}, 
      author={Jimmy Lei Ba and Jamie Ryan Kiros and Geoffrey E. Hinton},
      year={2016},
      eprint={1607.06450},
      archivePrefix={arXiv},
      primaryClass={stat.ML}
}
 

%DATASETS

%MELD
@misc{poria2019meld,
      title={MELD: A Multimodal Multi-Party Dataset for Emotion Recognition in Conversations}, 
      author={Soujanya Poria and Devamanyu Hazarika and Navonil Majumder and Gautam Naik and Erik Cambria and Rada Mihalcea},
      year={2019},
      eprint={1810.02508},
      archivePrefix={arXiv},
      primaryClass={cs.CL}
}

%IEMOCAP
@article{busso2008iemocap,
author = {Busso, Carlos and Bulut, Murtaza and Lee, Chi-Chun and Kazemzadeh, Abe and Mower Provost, Emily and Kim, Samuel and Chang, Jeannette and Lee, Sungbok and Narayanan, Shrikanth},
year = {2008},
month = {12},
pages = {335-359},
title = {IEMOCAP: Interactive emotional dyadic motion capture database},
volume = {42},
journal = {Language Resources and Evaluation},
doi = {10.1007/s10579-008-9076-6}
}

%DailyDialog
@inproceedings{lietal2017dailydialog,
    title = "{D}aily{D}ialog: A Manually Labelled Multi-turn Dialogue Dataset",
    author = "Li, Yanran  and
      Su, Hui  and
      Shen, Xiaoyu  and
      Li, Wenjie  and
      Cao, Ziqiang  and
      Niu, Shuzi",
    booktitle = "Proceedings of the Eighth International Joint Conference on Natural Language Processing (Volume 1: Long Papers)",
    month = nov,
    year = "2017",
    address = "Taipei, Taiwan",
    publisher = "Asian Federation of Natural Language Processing",
    url = "https://www.aclweb.org/anthology/I17-1099",
    pages = "986--995",
}

%EmoryNLP
@misc{zahiri2017emoryNLP,
      title={Emotion Detection on TV Show Transcripts with Sequence-based Convolutional Neural Networks}, 
      author={Sayyed M. Zahiri and Jinho D. Choi},
      year={2017},
      eprint={1708.04299},
      archivePrefix={arXiv},
      primaryClass={cs.CL}
}

%EmotionLines
@misc{chen2018emotionlines,
      title={EmotionLines: An Emotion Corpus of Multi-Party Conversations}, 
      author={Sheng-Yeh Chen and Chao-Chun Hsu and Chuan-Chun Kuo and Ting-Hao and Huang and Lun-Wei Ku},
      year={2018},
      eprint={1802.08379},
      archivePrefix={arXiv},
      primaryClass={cs.CL}
}

